<record><leader>00000cas a22000007a 4500</leader><controlfield tag="001">14278652</controlfield><controlfield tag="008">860929d18951900iaudr ne      0    0eng d</controlfield><datafield ind1=" " ind2=" " tag="010"><subfield code="a">sn 86060233 </subfield></datafield><datafield ind1=" " ind2=" " tag="040"><subfield code="a">INP</subfield><subfield code="b">eng</subfield><subfield code="c">INP</subfield><subfield code="d">OCL</subfield><subfield code="d">OCLCQ</subfield></datafield><datafield ind1=" " ind2=" " tag="042"><subfield code="a">msc</subfield></datafield><datafield ind1="0" ind2=" " tag="130"><subfield code="a">Morning news (Fort Madison, Iowa)</subfield></datafield><datafield ind1="1" ind2="4" tag="245"><subfield code="a">The morning news.</subfield></datafield><datafield ind1="1" ind2="3" tag="246"><subfield code="a">Lee County news</subfield><subfield code="f">&lt;June 2, 1898&gt;</subfield></datafield><datafield ind1=" " ind2=" " tag="260"><subfield code="a">Fort Madison, Iowa :</subfield><subfield code="b">C.B. Montgomery</subfield></datafield><datafield ind1=" " ind2=" " tag="300"><subfield code="a">v. :</subfield><subfield code="b">ill.</subfield></datafield><datafield ind1=" " ind2=" " tag="310"><subfield code="a">Daily</subfield></datafield><datafield ind1="1" ind2=" " tag="362"><subfield code="a">Began in 1895; ceased in 1900?</subfield><subfield code="z">Cf. Bibl. of Iowa newspapers.</subfield></datafield><datafield ind1=" " ind2=" " tag="588"><subfield code="a">Description based on: No. 122 (June 2, 1898).</subfield></datafield><datafield ind1=" " ind2=" " tag="752"><subfield code="a">United States</subfield><subfield code="b">Iowa</subfield><subfield code="c">Lee</subfield><subfield code="d">Fort Madison.</subfield></datafield><datafield ind1="0" ind2=" " tag="775"><subfield code="t">Lee County news</subfield><subfield code="w">(DLC)sn 86060234</subfield></datafield></record>